@book{Landou,
author = {L. D. Landau and E. M. Lifshitz and others},
year = 2007,
title = {力学},
publisher = {高等教育出版社}
}
@book{Le,
  author         = {Ursula K. Le Guin},
  publisher      = {江苏文艺出版社},
  title          = {地海传奇},
  year           = {2013}
}

@inproceedings{liu-meng-2014-seemgo,
    title = "{S}eem{G}o: Conditional Random Fields Labeling and Maximum Entropy Classification for Aspect Based Sentiment Analysis",
    author = "Liu, Pengfei  and
      Meng, Helen",
    editor = "Nakov, Preslav  and
      Zesch, Torsten",
    booktitle = "Proceedings of the 8th International Workshop on Semantic Evaluation ({S}em{E}val 2014)",
    month = aug,
    year = "2014",
    address = "Dublin, Ireland",
    publisher = "Association for Computational Linguistics",
    url = "https://aclanthology.org/S14-2092/",
    doi = "10.3115/v1/S14-2092",
    pages = "527--531"
}